@book{Beispiel.2015,
 author = {Nachname, Vorname},
 year = {2014},
 title = {Der Titel des Buches},
 address = {Musterort},
 edition = {4},
 publisher = {Springer Vieweg},
 isbn = {978-11111111111},
}


